<record><leader>00000cas a22000007a 4500</leader><controlfield tag="001">11643358</controlfield><controlfield tag="008">850131d18611907wiuwr ne      0    0eng d</controlfield><datafield ind1=" " ind2=" " tag="010"><subfield code="a">sn 85040122 </subfield></datafield><datafield ind1=" " ind2=" " tag="040"><subfield code="a">NPV</subfield><subfield code="b">eng</subfield><subfield code="c">NPV</subfield><subfield code="d">NPU</subfield><subfield code="d">DLC</subfield><subfield code="d">NPV</subfield><subfield code="d">MN#</subfield><subfield code="d">MGN</subfield><subfield code="d">OCL</subfield><subfield code="d">OCLCQ</subfield><subfield code="d">OCLCF</subfield><subfield code="d">OCLCO</subfield></datafield><datafield ind1=" " ind2=" " tag="042"><subfield code="a">msc</subfield></datafield><datafield ind1=" " ind2=" " tag="043"><subfield code="a">n-us-wi</subfield></datafield><datafield ind1="0" ind2="0" tag="050"><subfield code="a">Newspaper 10216-X</subfield></datafield><datafield ind1="0" ind2="4" tag="245"><subfield code="a">The Polk County press.</subfield></datafield><datafield ind1=" " ind2=" " tag="260"><subfield code="a">Osceola, Polk County, Wis. :</subfield><subfield code="b">S.S. Fifield,</subfield><subfield code="c">-1907.</subfield></datafield><datafield ind1=" " ind2=" " tag="300"><subfield code="a">v. :</subfield><subfield code="b">ill. (chiefly advertisements) ;</subfield><subfield code="c">56-61 cm.</subfield></datafield><datafield ind1=" " ind2=" " tag="310"><subfield code="a">Weekly</subfield></datafield><datafield ind1="0" ind2=" " tag="362"><subfield code="a">-v. 47, no. 26 (Apr. 19, 1907).</subfield></datafield><datafield ind1="1" ind2=" " tag="362"><subfield code="a">Began in Dec. 1861.</subfield></datafield><datafield ind1=" " ind2=" " tag="500"><subfield code="a">Published in St. Croix Falls, Aug. 19, 1904-April 19, 1907.</subfield></datafield><datafield ind1=" " ind2=" " tag="500"><subfield code="a">Publisher varies.</subfield></datafield><datafield ind1=" " ind2=" " tag="500"><subfield code="a">Published every Saturday.</subfield></datafield><datafield ind1=" " ind2=" " tag="525"><subfield code="a">Supplements accompany some issues.</subfield></datafield><datafield ind1=" " ind2=" " tag="588"><subfield code="a">Description based on: Vol. 3, no. 1 (Dec. 6, 1862).</subfield></datafield><datafield ind1=" " ind2="0" tag="651"><subfield code="a">Osceola (Wis.)</subfield><subfield code="v">Newspapers.</subfield></datafield><datafield ind1=" " ind2="0" tag="651"><subfield code="a">Saint Croix Falls (Wis.)</subfield><subfield code="v">Newspapers.</subfield></datafield><datafield ind1=" " ind2="7" tag="655"><subfield code="a">Newspapers.</subfield><subfield code="2">fast</subfield><subfield code="0">(OCoLC)fst01423814</subfield></datafield><datafield ind1=" " ind2="7" tag="651"><subfield code="a">Wisconsin</subfield><subfield code="z">Osceola.</subfield><subfield code="2">fast</subfield><subfield code="0">(OCoLC)fst01247704</subfield></datafield><datafield ind1=" " ind2="7" tag="651"><subfield code="a">Wisconsin</subfield><subfield code="z">Saint Croix Falls.</subfield><subfield code="2">fast</subfield><subfield code="0">(OCoLC)fst01212816</subfield></datafield><datafield ind1=" " ind2=" " tag="752"><subfield code="a">United States</subfield><subfield code="b">Wisconsin</subfield><subfield code="c">Polk</subfield><subfield code="d">Osceola.</subfield></datafield><datafield ind1=" " ind2=" " tag="752"><subfield code="a">United States</subfield><subfield code="b">Wisconsin</subfield><subfield code="c">Polk</subfield><subfield code="d">Saint Croix Falls.</subfield></datafield><datafield ind1="0" ind2="0" tag="780"><subfield code="t">St. Croixian</subfield><subfield code="w">(DLC)sn 86072136</subfield></datafield><datafield ind1="0" ind2="7" tag="785"><subfield code="t">St. Croix Valley standard</subfield><subfield code="w">(DLC)sn 85040124</subfield></datafield><datafield ind1="0" ind2="7" tag="785"><subfield code="t">Standard-press</subfield><subfield code="w">(DLC)sn 85040125</subfield></datafield></record>